%% This BibTeX bibliography file was created using BibDesk.
%% http://bibdesk.sourceforge.net/

%% Created for Shu Yan at 2016-11-17 21:33:06 -0500 


%% Saved with string encoding Unicode (UTF-8) 



@article{karagas2012evidence,
	Author = {Karagas, Margaret R and Choi, Anna L and Oken, Emily and Horvat, Milena and Schoeny, Rita and Kamai, Elizabeth and Cowell, Whitney and Grandjean, Philippe and Korrick, Susan},
	Date-Added = {2016-11-18 02:32:42 +0000},
	Date-Modified = {2016-11-18 02:32:42 +0000},
	Journal = {Environmental Health Perspectives},
	Number = {6},
	Pages = {799},
	Publisher = {National Institute of Environmental Health Sciences},
	Title = {Evidence on the human health effects of low-level methylmercury exposure},
	Volume = {120},
	Year = {2012}}

@article{kershaw1980relationship,
	Author = {Kershaw, Thomas G and Dhahir, Patricia H and Clarkson, Thomas W},
	Date-Added = {2016-11-18 02:16:24 +0000},
	Date-Modified = {2016-11-18 02:16:24 +0000},
	Journal = {Archives of Environmental Health: An International Journal},
	Number = {1},
	Pages = {28--36},
	Publisher = {Taylor \& Francis},
	Title = {The relationship between blood levels and dose of methylmercury in man},
	Volume = {35},
	Year = {1980}}

@incollection{allen2006guidelines,
	Author = {Allen, Lindsay H},
	Booktitle = {Guidelines on food fortification with micronutrients},
	Date-Added = {2016-11-15 08:27:45 +0000},
	Date-Modified = {2016-11-15 08:27:45 +0000},
	Publisher = {World Health Organization. Dept. of Nutrition for Health and Development},
	Title = {Guidelines on food fortification with micronutrients},
	Year = {2006}}
